@article{rahimi2021,
  author  = {Rahimi, Maryam and Ghobakhloo, Morteza},
  title   = {Digital Transformation in Banking: The Role of Technology Integration},
  journal = {Journal of Financial Innovation},
  year    = {2021},
  volume  = {8},
  number  = {3},
  pages   = {112--120}
}

@article{liang2011,
  author  = {Liang, Ting-Peng and Turban, Efraim},
  title   = {Introduction to the Special Issue: Social Commerce: A Research Framework for Social Commerce},
  journal = {International Journal of Electronic Commerce},
  year    = {2011},
  volume  = {16},
  number  = {2},
  pages   = {5--14}
}

@article{torres2020,
  author  = {Torres, Diego and Muñoz, Laura},
  title   = {Multi-Channel Customer Communication Strategies in Financial Services},
  journal = {Latin American Journal of Management and Innovation},
  year    = {2020},
  volume  = {5},
  number  = {1},
  pages   = {45--53}
}

@techreport{sbs2021,
  author  = {{Superintendencia de Banca, Seguros y AFP (SBS)}},
  title   = {Resolución SBS N° 504-2021: Reglamento para la Seguridad de la Información y Ciberseguridad},
  institution = {SBS, Lima, Perú},
  year    = {2021}
}

@standard{iso27001,
  author  = {{International Organization for Standardization}},
  title   = {ISO/IEC 27001: Information Security Management Systems — Requirements},
  year    = {2022},
  institution = {ISO, Geneva, Switzerland}
}

@misc{liu2011,
  author    = {Shijun Liu},
  title     = {An Integrated Multi-channel Messaging Model Supporting for Business Collaboration [Figure]},
  howpublished = {IEEE Xplore},
  year      = {2011},
  note      = {Available at: \url{https://ieeexplore.ieee.org/document/6112142}},
}